@book{STEWART2016,
    author = {James Stewart},
    year = {2016},
    title = {CÃ¡lculo},
    volume = {1},
    publisher = {Cengage Learning},
    edition = {8}
}

@misc{ZHANG2020,
    author = {Xiaolan Zhang},
    year = {2020},
    title = {Linear Programming CISC5835, Algorithms for Big Data CIS, Fordham Univ.},
    url = {https://storm.cis.fordham.edu/~zhang/cs5835/slides/LinearProgramming_handout}
}